<record><leader>00000cas a22000007a 4500</leader><controlfield tag="001">11181848</controlfield><controlfield tag="008">840921d18441848ohuwr ne      0    0eng d</controlfield><datafield ind1=" " ind2=" " tag="010"><subfield code="a">sn 84028582 </subfield></datafield><datafield ind1=" " ind2=" " tag="040"><subfield code="a">NPY</subfield><subfield code="b">eng</subfield><subfield code="c">NPY</subfield><subfield code="d">DLC</subfield><subfield code="d">ONP</subfield><subfield code="d">MGN</subfield><subfield code="d">ONP</subfield><subfield code="d">OCL</subfield><subfield code="d">OCLCQ</subfield><subfield code="d">OCLCF</subfield><subfield code="d">OCLCO</subfield></datafield><datafield ind1="1" ind2=" " tag="029"><subfield code="a">AU@</subfield><subfield code="b">000025796453</subfield></datafield><datafield ind1=" " ind2=" " tag="042"><subfield code="a">msc</subfield></datafield><datafield ind1=" " ind2=" " tag="043"><subfield code="a">n-us-oh</subfield></datafield><datafield ind1="0" ind2="0" tag="050"><subfield code="a">Newspaper 9214-X</subfield></datafield><datafield ind1="0" ind2=" " tag="130"><subfield code="a">Clarion of freedom (Cambridge, Ohio)</subfield></datafield><datafield ind1="1" ind2="4" tag="245"><subfield code="a">The Clarion of freedom.</subfield></datafield><datafield ind1=" " ind2=" " tag="260"><subfield code="a">Cambridge, O. [Ohio] :</subfield><subfield code="b">Jos. Wolff, Jr.</subfield></datafield><datafield ind1=" " ind2=" " tag="300"><subfield code="a">v.</subfield></datafield><datafield ind1=" " ind2=" " tag="310"><subfield code="a">Weekly</subfield></datafield><datafield ind1="1" ind2=" " tag="362"><subfield code="a">Began in 1844; ceased in Oct. 1848?</subfield></datafield><datafield ind1=" " ind2=" " tag="500"><subfield code="a">Published in Cambridge, Ohio, 1844-&lt;Sept. 21, 1847&gt;, and: New Concord, Ohio, &lt;Oct. 1, 1847-Oct. 1848&gt;.</subfield></datafield><datafield ind1=" " ind2=" " tag="515"><subfield code="a">Suspended Mar. 24, 1848-&lt;May 1848&gt;.</subfield></datafield><datafield ind1=" " ind2=" " tag="588"><subfield code="a">Description based on: Vol. 3, no. 27 (Apr. 2, 1847).</subfield></datafield><datafield ind1=" " ind2="0" tag="651"><subfield code="a">Cambridge (Ohio)</subfield><subfield code="v">Newspapers.</subfield></datafield><datafield ind1=" " ind2="0" tag="651"><subfield code="a">Guernsey County (Ohio)</subfield><subfield code="v">Newspapers.</subfield></datafield><datafield ind1=" " ind2="0" tag="651"><subfield code="a">Muskingum County (Ohio)</subfield><subfield code="v">Newspapers.</subfield></datafield><datafield ind1=" " ind2="0" tag="651"><subfield code="a">New Concord (Ohio)</subfield><subfield code="v">Newspapers.</subfield></datafield><datafield ind1=" " ind2="7" tag="655"><subfield code="a">Newspapers.</subfield><subfield code="2">fast</subfield><subfield code="0">(OCoLC)fst01423814</subfield></datafield><datafield ind1=" " ind2="7" tag="651"><subfield code="a">Ohio</subfield><subfield code="z">Cambridge.</subfield><subfield code="2">fast</subfield><subfield code="0">(OCoLC)fst01202886</subfield></datafield><datafield ind1=" " ind2="7" tag="651"><subfield code="a">Ohio</subfield><subfield code="z">Guernsey County.</subfield><subfield code="2">fast</subfield><subfield code="0">(OCoLC)fst01207986</subfield></datafield><datafield ind1=" " ind2="7" tag="651"><subfield code="a">Ohio</subfield><subfield code="z">Muskingum County.</subfield><subfield code="2">fast</subfield><subfield code="0">(OCoLC)fst01209592</subfield></datafield><datafield ind1=" " ind2="7" tag="651"><subfield code="a">Ohio</subfield><subfield code="z">New Concord.</subfield><subfield code="2">fast</subfield><subfield code="0">(OCoLC)fst01231873</subfield></datafield><datafield ind1=" " ind2=" " tag="752"><subfield code="a">United States</subfield><subfield code="b">Ohio</subfield><subfield code="c">Muskingum</subfield><subfield code="d">New Concord.</subfield></datafield></record>